@article{blanco,
author = {Blanco, Manuel and Alarcón-Padilla, Diego-César and López Moratalla, Teodoro and Lara-Coira, Martín},
year = {2001},
month = {03},
pages = {431-441},
title = {Computing the Solar Vector},
volume = {70},
journal = {Solar Energy}
}

@article{michalsky,
   author = {{Michalsky}, J.~J.},
    title = "{The Astronomical Almanac's algorithm for approximate solar position (1950 - 2050).}",
  journal = {Solar Energy},
 keywords = {Positions:Sun, Sun:Positions},
     year = 1988,
   volume = 40,
    pages = {227-235},
      doi = {10.1016/0038-092X(88)90045-X},
   adsurl = {http://adsabs.harvard.edu/abs/1988SoEn...40..227M},
  adsnote = {Provided by the SAO/NASA Astrophysics Data System}
}

@book{meeus,
 author = {Meeus, Jean H.},
 title = {Astronomical Algorithms},
 year = {1991},
 isbn = {0943396352},
 publisher = {Willmann-Bell, Incorporated},
}

@book{iqbal,
  Author = {Muhammad Iqbal},
  Title = {An Introduction To Solar Radiation},
  Publisher = {Academic Press},
  Year = {1983},
  Pages = {23-25},
  ISBN = {9780323151818},
  URL = {https://www.amazon.com/Introduction-Solar-Radiation-Muhammad-Iqbal-ebook/dp/B00HU6YDIW?SubscriptionId=AKIAIOBINVZYXZQZ2U3A&tag=chimbori05-20&linkCode=xm2&camp=2025&creative=165953&creativeASIN=B00HU6YDIW}
}

@book{norwich,
year = {2004},
title = {The Astronomical Almanach},
Country = {Norwich}
}

@misc{naval,
author = "The U.S. Naval Observatory",
howpublished = "\url{http://www.usno.navy.mil}",
address = {Washington DC}
}
